<?xml version="1.0" encoding="UTF-8"?>
<record xmlns="http://www.loc.gov/MARC21/slim" xmlns:xsi="http://www.w3.org/2001/XMLSchema-instance" xsi:schemaLocation="http://www.loc.gov/MARC21/slim http://www.loc.gov/standards/marcxml/schema/MARC21slim.xsd">
<leader>00000cam a22      a 4500</leader>
<controlfield tag="001">001677870</controlfield>
<controlfield tag="003">NNU</controlfield>
<controlfield tag="005">20150731162524.0</controlfield>
<controlfield tag="008">880929s195u    sy            000 0 arard</controlfield>
<datafield tag="035" ind1=" " ind2=" ">
<subfield code="a">(OCoLC)18544925</subfield>
</datafield>
<datafield tag="040" ind1=" " ind2=" ">
<subfield code="a">WAU</subfield>
<subfield code="b">eng</subfield>
<subfield code="c">WAU</subfield>
<subfield code="d">EYM</subfield>
<subfield code="d">OCLCQ</subfield>
<subfield code="d">OCLCF</subfield>
<subfield code="d">OCLCQ</subfield>
<subfield code="d">OCLCO</subfield>
<subfield code="d">NNU</subfield>
</datafield>
<datafield tag="043" ind1=" " ind2=" ">
<subfield code="a">ma-----</subfield>
</datafield>
<datafield tag="050" ind1=" " ind2="4">
<subfield code="a">DS38</subfield>
<subfield code="b">.B85 (Orien Arab)</subfield>
</datafield>
<datafield tag="100" ind1="1" ind2=" ">
<subfield code="6">880-01</subfield>
<subfield code="a">Būṭī, Muḥammad Saʻīd Ramaḍān.</subfield>
</datafield>
<datafield tag="245" ind1="1" ind2="0">
<subfield code="6">880-02</subfield>
<subfield code="a">Fī sabīl Allāh wa-al-ḥaqq /</subfield>
<subfield code="c">bi-qalam Muḥammad Saʻīd Ramaḍān al-Būṭī.</subfield>
</datafield>
<datafield tag="260" ind1=" " ind2=" ">
<subfield code="6">880-03</subfield>
<subfield code="a">Dimashq :</subfield>
<subfield code="b">al-Maktabah al-Umawīyah,</subfield>
<subfield code="c">[195-?]</subfield>
</datafield>
<datafield tag="300" ind1=" " ind2=" ">
<subfield code="a">152 pages</subfield>
<subfield code="c">24 cm</subfield>
</datafield>
<datafield tag="336" ind1=" " ind2=" ">
<subfield code="a">text</subfield>
<subfield code="b">txt</subfield>
<subfield code="2">rdacontent</subfield>
</datafield>
<datafield tag="337" ind1=" " ind2=" ">
<subfield code="a">unmediated</subfield>
<subfield code="b">n</subfield>
<subfield code="2">rdamedia</subfield>
</datafield>
<datafield tag="338" ind1=" " ind2=" ">
<subfield code="a">volume</subfield>
<subfield code="b">nc</subfield>
<subfield code="2">rdacarrier</subfield>
</datafield>
<datafield tag="530" ind1=" " ind2=" ">
<subfield code="a">Also issued online.</subfield>
</datafield>
<datafield tag="650" ind1=" " ind2="0">
<subfield code="a">Panarabism.</subfield>
</datafield>
<datafield tag="650" ind1=" " ind2="0">
<subfield code="a">Nationalism</subfield>
<subfield code="z">Arab countries</subfield>
<subfield code="x">Religious aspects.</subfield>
</datafield>
<datafield tag="650" ind1=" " ind2="7">
<subfield code="a">Nationalism</subfield>
<subfield code="x">Religious aspects.</subfield>
<subfield code="2">fast</subfield>
<subfield code="0">(OCoLC)fst01033849</subfield>
</datafield>
<datafield tag="650" ind1=" " ind2="7">
<subfield code="a">Panarabism.</subfield>
<subfield code="2">fast</subfield>
<subfield code="0">(OCoLC)fst01051941</subfield>
</datafield>
<datafield tag="651" ind1=" " ind2="7">
<subfield code="a">Arab countries.</subfield>
<subfield code="2">fast</subfield>
<subfield code="0">(OCoLC)fst01240128</subfield>
</datafield>
<datafield tag="776" ind1="0" ind2="8">
<subfield code="i">Online version:</subfield>
<subfield code="a">Būṭī, Muḥammad Saʻīd Ramaḍān.</subfield>
<subfield code="t">Fī sabīl Allāh wa-al-ḥaqq.</subfield>
<subfield code="d">Dimashq, al-Maktabah al-Umawīyah [195-?]</subfield>
<subfield code="w">(OCoLC)582037030</subfield>
</datafield>
<datafield tag="880" ind1="1" ind2=" ">
<subfield code="6">100-01/</subfield>
<subfield code="a">بوطي، محمد سعيد رمضان.</subfield>
</datafield>
<datafield tag="880" ind1="1" ind2="0">
<subfield code="6">245-02/</subfield>
<subfield code="a">في سبيل الله والحق /</subfield>
<subfield code="c">بقلم محمد سعيد رمضان البوطي.</subfield>
</datafield>
<datafield tag="880" ind1=" " ind2=" ">
<subfield code="6">260-03/</subfield>
<subfield code="a">دمشق :</subfield>
<subfield code="b">المكتبة الاموية،</subfield>
<subfield code="c">[195-?]</subfield>
</datafield>
<datafield tag="OWN" ind1=" " ind2=" ">
<subfield code="a">GENERAL</subfield>
</datafield>
<datafield tag="AVA" ind1=" " ind2=" ">
<subfield code="a">NYU50</subfield>
<subfield code="b">BOBST</subfield>
<subfield code="c">Main Collection</subfield>
<subfield code="d">DS38 .B85</subfield>
<subfield code="e">unavailable</subfield>
<subfield code="t">Unavailable</subfield>
<subfield code="f">1</subfield>
<subfield code="g">1</subfield>
<subfield code="h">N</subfield>
<subfield code="i">0</subfield>
<subfield code="j">MAIN</subfield>
<subfield code="k">0</subfield>
</datafield>
</record>
